%% This BibTeX bibliography file was created using BibDesk.
%% http://bibdesk.sourceforge.net/


%% Created for Timon HÃ¶bert at 2013-09-17 18:57:14 +0200 


%% Saved with string encoding Unicode (UTF-8) 


Automatically generated by Mendeley Desktop 1.17.13
Any changes to this file will be lost if it is regenerated by Mendeley.

BibTeX export options can be customized via Options -> BibTeX in Mendeley Desktop

@misc{Apereio,
author = {Apereo},
title = {https://github.com/apereo/cas-webapp-docker},
url = {}
}
Automatically generated by Mendeley Desktop 1.17.13
Any changes to this file will be lost if it is regenerated by Mendeley.

BibTeX export options can be customized via Options -> BibTeX in Mendeley Desktop

@misc{Apereo,
author = {Apereo},
title = {https://github.com/apereo/cas-overlay-template},
url = {}
}
Automatically generated by Mendeley Desktop 1.17.13
Any changes to this file will be lost if it is regenerated by Mendeley.

BibTeX export options can be customized via Options -> BibTeX in Mendeley Desktop

@misc{Deric-dominic,
author = {Deric-dominic},
title = {https://github.com/apereo/cas-webapp-docker/issues/20}
}
Automatically generated by Mendeley Desktop 1.17.13
Any changes to this file will be lost if it is regenerated by Mendeley.

BibTeX export options can be customized via Options -> BibTeX in Mendeley Desktop

@misc{Apereoa,
author = {Apereo},
title = {https://github.com/apereo/cas}
}
Automatically generated by Mendeley Desktop 1.17.13
Any changes to this file will be lost if it is regenerated by Mendeley.

BibTeX export options can be customized via Options -> BibTeX in Mendeley Desktop

@misc{Apereob,
author = {Apereo},
title = {{https://apereo.github.io/cas/developer/Build-Process.html}}
}
Automatically generated by Mendeley Desktop 1.17.13
Any changes to this file will be lost if it is regenerated by Mendeley.

BibTeX export options can be customized via Options -> BibTeX in Mendeley Desktop

@misc{Casinthecloud,
author = {Casinthecloud},
title = {https://github.com/casinthecloud/cas-overlay-demo}
}
Automatically generated by Mendeley Desktop 1.17.13
Any changes to this file will be lost if it is regenerated by Mendeley.

BibTeX export options can be customized via Options -> BibTeX in Mendeley Desktop

@misc{Crpeck,
author = {Crpeck},
title = {https://github.com/crpeck/cas-overlay-docker}
}
Automatically generated by Mendeley Desktop 1.17.13
Any changes to this file will be lost if it is regenerated by Mendeley.

BibTeX export options can be customized via Options -> BibTeX in Mendeley Desktop

@misc{Terranex,
author = {Terranex},
title = {{https://github.com/Terranex/docker-cas}}
}
Automatically generated by Mendeley Desktop 1.17.13
Any changes to this file will be lost if it is regenerated by Mendeley.

BibTeX export options can be customized via Options -> BibTeX in Mendeley Desktop

@misc{Terranex,
author = {Terranex},
title = {{https://github.com/Terranex/docker-cas}}
}
Automatically generated by Mendeley Desktop 1.17.13
Any changes to this file will be lost if it is regenerated by Mendeley.

BibTeX export options can be customized via Options -> BibTeX in Mendeley Desktop

@misc{Terranex,
author = {Terranex},
title = {{https://github.com/Terranex/docker-cas}}
}
Automatically generated by Mendeley Desktop 1.17.13
Any changes to this file will be lost if it is regenerated by Mendeley.

BibTeX export options can be customized via Options -> BibTeX in Mendeley Desktop

@article{J-fuentes,
author = {J-fuentes},
title = {https://github.com/j-fuentes/dockerized-cas}
}

@article{aJ-fuentes,
	author = {J-fuentes},
	title = {https://github.com/j-fuentes/dockerized-cas}
}