%% This BibTeX bibliography file was created using BibDesk.
%% http://bibdesk.sourceforge.net/


%% Created for Timon Höbert at 2013-09-17 18:57:14 +0200 


%% Saved with string encoding Unicode (UTF-8) 


@misc{Packstac62:online,
	author = {},
	title = {Packstack — RDO},
	howpublished = {\url{https://www.rdoproject.org/install/packstack/}},
	month = {},
	year = {},
	note = {(Accessed on 2018-03-21)}
}