Automatically generated by Mendeley Desktop 1.17.13
Any changes to this file will be lost if it is regenerated by Mendeley.

BibTeX export options can be customized via Options -> BibTeX in Mendeley Desktop

@article{Www.techrepublic.com,
author = {Techrepublic.com},
title = {https://www.techrepublic.com/article/switching-clouds-what-spotify-learned-when-it-swapped-aws-for-googles-cloud/}
}
@misc{Salesforce,
author = {Salesforce},
title = {https://www.salesforce.com/uk/blog/2015/11/why-move-to-the-cloud-10-benefits-of-cloud-computing.html}
}
@misc{Google,
author = {Google},
title = {{https://www.youtube.com/watch?v=mBY-RjE15WA}}
}
@misc{CI&T,
author = {CI{\&}T},
title = {http://us.ciandt.com/case-study-coca-cola-happiness-flag}
}
@misc{Spotify,
author = {Spotify},
title = {https://news.spotify.com/us/2016/02/23/announcing-spotify-infrastructures-googley-future/}
}
@article{Cloudacademy,
author = {Cloudacademy},
title = {https://cloudacademy.com/blog/when-to-use-google-bigquery/}
}
@misc{Googlea,
author = {Google},
title = {https://cloud.google.com/appengine/docs/standard/java/getting-started/cloud-sql}
}
@misc{Valchanova,
author = {Valchanova},
title = {https://valchanova.me/complete-guide-google-data-studio-examples/}
}
