%% This BibTeX bibliography file was created using BibDesk.
%% http://bibdesk.sourceforge.net/


%% Created for Timon HÃ¶bert at 2013-09-17 18:57:14 +0200 


%% Saved with string encoding Unicode (UTF-8) 

Automatically generated by Mendeley Desktop 1.17.13
Any changes to this file will be lost if it is regenerated by Mendeley.

BibTeX export options can be customized via Options -> BibTeX in Mendeley Desktop

@misc{Lustre,
author = {Lustre},
title = {{http://wiki.lustre.org/Main{\_}Page}}
}

@unpublished{Lustreb,
author = {Lustre},
title = {{http://wiki.lustre.org/images/6/64/LustreArchitecture-v4.pdf}}
}
@misc{XtreemFS,
author = {XtreemFS},
title = {http://www.xtreemfs.org/}
}
@misc{XtreemFSa,
author = {XtreemFS},
title = {http://www.xtreemfs.org/faq.php}
}