Automatically generated by Mendeley Desktop 1.17.13
Any changes to this file will be lost if it is regenerated by Mendeley.

BibTeX export options can be customized via Options -> BibTeX in Mendeley Desktop

@article{Yehorov,
author = {Yehorov, Maksym},
title = {{https://www.quora.com/What-are-the-advantages-of-using-ceph}}
}
@article{Lustrea,
author = {Lustre},
title = {{http://wiki.lustre.org/Main{\_}Page}}
}
@misc{XtreemFSa,
author = {XtreemFS},
title = {http://www.xtreemfs.org/faq.php}
}
@unpublished{Lustreb,
author = {Lustre},
title = {{http://wiki.lustre.org/images/6/64/LustreArchitecture-v4.pdf}}
}
@misc{Feriante,
author = {Feriante, Jason},
title = {{https://www.quora.com/What-do-you-think-of-Ceph-which-is-claiming-to-be-a-scalable-alternative-to-HDFS}}
}
@misc{XtreemFS,
author = {XtreemFS},
title = {http://www.xtreemfs.org/}
}
@article{Ceph,
author = {Ceph},
title = {https://ceph.com/}
}
