Automatically generated by Mendeley Desktop 1.17.13
Any changes to this file will be lost if it is regenerated by Mendeley.

BibTeX export options can be customized via Options -> BibTeX in Mendeley Desktop

@misc{Openhandesetalliance,
author = {Open handeset alliance},
title = {open handset alliance},
url = {https://www.openhandsetalliance.com/index.html},
urldate = {2018-28-02}
}
