Automatically generated by Mendeley Desktop 1.17.13
Any changes to this file will be lost if it is regenerated by Mendeley.

BibTeX export options can be customized via Options -> BibTeX in Mendeley Desktop

@misc{Apereio,
author = {Apereo},
title = {cas-webapp-docker},
url = {https://github.com/apereo/cas-webapp-docker}
}
@misc{PhilippHauer,
author = {{Philipp Hauer}},
title = {{Abstract Factory}},
url = {https://www.philipphauer.de/study/se/design-pattern/abstract-factory.php{\#}anwendung}
}
@misc{Casinthecloud,
author = {Casinthecloud},
title = {https://github.com/casinthecloud/cas-overlay-demo}
}
@misc{MorganNeill,
author = {{Morgan Neill}},
title = {{Decorator Pattern Pros and Cons}},
url = {https://neillmorgan.wordpress.com/2010/02/07/decorator-pattern-pros-and-cons/}
}
@misc{Deric-dominic,
author = {Deric-dominic},
title = {https://github.com/apereo/cas-webapp-docker/issues/20}
}
@misc{Apereob,
author = {Apereo},
title = {{https://apereo.github.io/cas/developer/Build-Process.html}}
}
@misc{PhilippHauera,
author = {{Philipp Hauer}},
title = {{No Title}},
url = {https://www.philipphauer.de/study/se/design-pattern/decorator.php{\#}anwendung}
}
@misc{RAFM,
author = {RAFM, DOLD},
title = {{DesignPatterns Decorator}},
url = {https://elearning.tgm.ac.at/pluginfile.php/56362/mod{\_}resource/content/0/DesignPatterns{\_}Decorator.pdf}
}
@misc{Wikiped,
author = {Wikipedia},
title = {{Wikipedia Design Patterns}},
url = {https://en.wikipedia.org/wiki/Software{\_}design{\_}pattern}
}
@misc{Apereoa,
author = {Apereo},
title = {https://github.com/apereo/cas}
}
@misc{Terranex,
author = {Terranex},
title = {{https://github.com/Terranex/docker-cas}}
}
@misc{Crpeck,
author = {Crpeck},
title = {https://github.com/crpeck/cas-overlay-docker}
}
@article{J-fuentes,
author = {J-fuentes},
title = {https://github.com/j-fuentes/dockerized-cas}
}
@misc{Apereo,
author = {Apereo},
title = {cas-overlay-template},
url = {https://github.com/apereo/cas-overlay-template}
}
@misc{RAFMa,
author = {RAFM, DOLD},
title = {{DesignPatterns Abstract Factory}},
url = {https://elearning.tgm.ac.at/pluginfile.php/36374/mod{\_}resource/content/0/DesignPatterns{\_}Factory{\_}2.pdf}
}
@misc{Smith-Kline,
author = {Smith-Kline, Pete},
title = {{Factory Design Pattern Pros and Cons}},
url = {https://www.quora.com/What-are-the-pros-and-cons-of-the-factory-design-pattern}
}
